<record><leader>00000cas a2200000 a 4500</leader><controlfield tag="001">9516553</controlfield><controlfield tag="008">830517d19081932iluwr ne      0   a0hrv c</controlfield><datafield ind1=" " ind2=" " tag="010"><subfield code="a">sn 83045056 </subfield></datafield><datafield ind1=" " ind2=" " tag="040"><subfield code="a">CRL</subfield><subfield code="b">eng</subfield><subfield code="c">CRL</subfield><subfield code="d">NPW</subfield><subfield code="d">DLC</subfield><subfield code="d">CRL</subfield><subfield code="d">NVF</subfield><subfield code="d">OCLCQ</subfield><subfield code="d">NVF</subfield><subfield code="d">OCLCO</subfield><subfield code="d">OCLCF</subfield></datafield><datafield ind1=" " ind2=" " tag="042"><subfield code="a">pcc</subfield></datafield><datafield ind1=" " ind2=" " tag="043"><subfield code="a">n-us-pa</subfield><subfield code="a">n-us-il</subfield></datafield><datafield ind1="0" ind2="0" tag="245"><subfield code="a">Hrvatski glasnik.</subfield></datafield><datafield ind1="1" ind2="1" tag="246"><subfield code="a">Croatian herald</subfield></datafield><datafield ind1=" " ind2=" " tag="260"><subfield code="a">Allegheny, Pa. ;</subfield><subfield code="a">Pittsburgh, Pa. ;</subfield><subfield code="a">Chicago, Ill. :</subfield><subfield code="b">Hrvatsko novinarsko drus&#780;tvo,</subfield><subfield code="c">1908-1932.</subfield></datafield><datafield ind1=" " ind2=" " tag="300"><subfield code="a">v.</subfield></datafield><datafield ind1=" " ind2=" " tag="310"><subfield code="a">Weekly,</subfield><subfield code="b">19 velj. 1910-1932</subfield></datafield><datafield ind1=" " ind2=" " tag="321"><subfield code="a">Semiweekly,</subfield><subfield code="b">12 pros. 1908-12 velj. 1910</subfield></datafield><datafield ind1="0" ind2=" " tag="362"><subfield code="a">G. 1, br. 1 (12 pros. 1908)-</subfield></datafield><datafield ind1="1" ind2=" " tag="362"><subfield code="a">Ceased in 1932?</subfield><subfield code="z">Cf. Gregory, W. Amer. newspapers.</subfield></datafield><datafield ind1=" " ind2=" " tag="500"><subfield code="a">Place of publication varies: Pittsburgh, Pa.; Chicago, Ill.</subfield></datafield><datafield ind1=" " ind2=" " tag="500"><subfield code="a">Publisher varies.</subfield></datafield><datafield ind1=" " ind2=" " tag="515"><subfield code="a">Numbering is irregular.</subfield></datafield><datafield ind1="8" ind2=" " tag="521"><subfield code="a">"The most popular weekly paper among Croats, Serbs, and Slovenes in this country," 1918-lip. 1921.</subfield></datafield><datafield ind1=" " ind2=" " tag="530"><subfield code="a">Available on microfilm;</subfield><subfield code="b">Center for Research Libraries.</subfield></datafield><datafield ind1=" " ind2=" " tag="530"><subfield code="a">Preservation microfilmed in cooperation with the University of Illinois at Urbana-Champaign Library as part of the United States Newspaper Program; the years 1923-1931 (on 1 microfilm reel) are available for purchase from OCLC Preservation Service Centers.</subfield></datafield><datafield ind1=" " ind2=" " tag="546"><subfield code="a">In Serbo-Croatian (Roman).</subfield></datafield><datafield ind1=" " ind2=" " tag="588"><subfield code="a">Latest issue consulted: G. 23, br. 16 (17 Apr. 1931).</subfield></datafield><datafield ind1=" " ind2="0" tag="650"><subfield code="a">Croatian Americans</subfield><subfield code="z">United States</subfield><subfield code="v">Newspapers.</subfield></datafield><datafield ind1=" " ind2="0" tag="650"><subfield code="a">Serbian Americans</subfield><subfield code="z">United States</subfield><subfield code="v">Newspapers.</subfield></datafield><datafield ind1=" " ind2="0" tag="650"><subfield code="a">Slovenian Americans</subfield><subfield code="z">United States</subfield><subfield code="v">Newspapers.</subfield></datafield><datafield ind1=" " ind2="0" tag="651"><subfield code="a">United States</subfield><subfield code="v">Newspapers.</subfield></datafield><datafield ind1=" " ind2="7" tag="655"><subfield code="a">Newspapers.</subfield><subfield code="2">fast</subfield><subfield code="0">(OCoLC)fst01423814</subfield></datafield><datafield ind1=" " ind2="7" tag="650"><subfield code="a">Croatian Americans.</subfield><subfield code="2">fast</subfield><subfield code="0">(OCoLC)fst00883782</subfield></datafield><datafield ind1=" " ind2="7" tag="650"><subfield code="a">Serbian Americans.</subfield><subfield code="2">fast</subfield><subfield code="0">(OCoLC)fst01112915</subfield></datafield><datafield ind1=" " ind2="7" tag="650"><subfield code="a">Slovenian Americans.</subfield><subfield code="2">fast</subfield><subfield code="0">(OCoLC)fst01121095</subfield></datafield><datafield ind1=" " ind2="7" tag="651"><subfield code="a">United States.</subfield><subfield code="2">fast</subfield><subfield code="0">(OCoLC)fst01204155</subfield></datafield><datafield ind1=" " ind2=" " tag="752"><subfield code="a">United States</subfield><subfield code="b">Illinois</subfield><subfield code="c">Cook</subfield><subfield code="d">Chicago.</subfield></datafield><datafield ind1=" " ind2=" " tag="752"><subfield code="a">United States</subfield><subfield code="b">Pennsylvania</subfield><subfield code="c">Allegheny</subfield><subfield code="d">Allegheny.</subfield></datafield><datafield ind1=" " ind2=" " tag="752"><subfield code="a">United States</subfield><subfield code="b">Pennsylvania</subfield><subfield code="c">Allegheny</subfield><subfield code="d">Pittsburgh.</subfield></datafield><datafield ind1="0" ind2="0" tag="785"><subfield code="t">Americ&#780;ki hrvatski glasnik</subfield><subfield code="w">(DLC)sn 83045057</subfield><subfield code="w">(OCoLC)9516397</subfield></datafield></record>